@INPROCEEDINGS{Ibarra04dang:the,
    author = {Oscar H. Ibarra and Hsu-chun Yen and Zhe Dang},
    title = {Dang: The Power of Maximal Parallelism in P Systems},
    booktitle = {Proceedings of the Eight Conference on Developments in Language Theory},
    year = {2004},
    pages = {212--224},
    publisher = {Springer}
}
@PHDTHESIS{Sburlan05dragos,
    author = {Dragos Sburlan},
    title = {Promoting and Inhibiting Contexts in Membrane Computing},
    school = {University of Seville},
    year = {2005}
}
@String{j-jucs = "Journal of Universal Computer Science"}

@Article{Ionescu:jucs_10_5:on_p_systems_with,
  author =     "Mihai Ionescu and Dragos Sburlan",
  title =      "On P Systems with Promoters/Inhibitors",
  abstract =   "This article shows how the computational universality can be reached using P systems with object rewriting non-cooperative rules, promoters/inhibitors at the level of rules, and only one catalyst. Both generative and accepting cases are studied. The theoretical issues presented are illustrated by several examples.",
  journal =    j-jucs,
  year =       "2004",
  volume =     "10",
  number =     "5",
  pages =      "581--599",
  date =       "2004-05-28",
  month =      "may",
  note =       "\url{http://www.jucs.org/jucs_10_5/on_p_systems_with}"
}
@inproceedings{Cavaliere:2004:IRP:2144633.2144648,
 author = {Cavaliere, Matteo and Ionescu, Mihai and Ishdorj, Tseren-Onolt},
 title = {Inhibiting/de-inhibiting rules in P systems},
 booktitle = {Proceedings of the 5th international conference on Membrane Computing},
 series = {WMC'04},
 year = {2005},
 isbn = {3-540-25080-8, 978-3-540-25080-7},
 location = {Milan, Italy},
 pages = {224--238},
 numpages = {15},
 url = {http://dx.doi.org/10.1007/978-3-540-31837-8_13},
 doi = {10.1007/978-3-540-31837-8\_13},
 acmid = {2144648},
 publisher = {Springer-Verlag},
 address = {Berlin, Heidelberg},
}
@inproceedings{Freund:2004:SPS:2149813.2149831,
 author = {Freund, Rudolf and Leporati, Alberto and Oswald, Marion and Zandron, Claudio},
 title = {Sequential P systems with unit rules and energy assigned to membranes},
 booktitle = {Proceedings of the 4th international conference on Machines, Computations, and Universality},
 series = {MCU'04},
 year = {2005},
 isbn = {3-540-25261-4, 978-3-540-25261-0},
 location = {Saint Petersburg, Russia},
 pages = {200--210},
 numpages = {11},
 url = {http://dx.doi.org/10.1007/978-3-540-31834-7_16},
 doi = {10.1007/978-3-540-31834-7\_16},
 acmid = {2149831},
 publisher = {Springer-Verlag},
 address = {Berlin, Heidelberg},
 keywords = {P systems, computational completeness, matrix grammars, membrane computing},
}
@inproceedings{Ibarra:2005:SPS:2111772.2111880,
 author = {Ibarra, Oscar H. and Woodworth, Sara and Yen, Hsu-Chun and Dang, Zhe},
 title = {On sequential and 1-deterministic P systems},
 booktitle = {Proceedings of the 11th annual international conference on Computing and Combinatorics},
 series = {COCOON'05},
 year = {2005},
 isbn = {3-540-28061-8, 978-3-540-28061-3},
 location = {Kunming, China},
 pages = {905--914},
 numpages = {10},
 url = {http://dx.doi.org/10.1007/11533719_91},
 doi = {10.1007/11533719\_91},
 acmid = {2111880},
 publisher = {Springer-Verlag},
 address = {Berlin, Heidelberg},
}
@ARTICLE{Khrisna03threeuniversality,
 author = {S Khrisna and A Păun},
 title = {Three Universality Results on P Systems, Workshop on Membrane Computing WMC-Tarragona 2003},
 journal = {A. Alhazov, C. Martín-Vide, G. Păun, eds),TR 28/03, URV Tarragona},
 year = {2003}
}
@inproceedings{Barbuti:2010:MSW:1946067.1946081,
 author = {Barbuti, Roberto and Maggiolo-Schettini, Andrea and Milazzo, Paolo and Tini, Simone},
 title = {Membrane systems working in generating and accepting modes: expressiveness and encodings},
 booktitle = {Proceedings of the 11th international conference on Membrane computing},
 series = {CMC'10},
 year = {2010},
 isbn = {3-642-18122-8, 978-3-642-18122-1},
 location = {Jena, Germany},
 pages = {103--118},
 numpages = {16},
 url = {http://dl.acm.org/citation.cfm?id=1946067.1946081},
 acmid = {1946081},
 publisher = {Springer-Verlag},
 address = {Berlin, Heidelberg},
}
@INPROCEEDINGS{Dang04onp,
    author = {Zhe Dang and Oscar H. Ibarra},
    title = {On P systems operating in sequential mode},
    booktitle = {International Journal of Foundations of Computer Science},
    year = {2004},
    pages = {164--177}
}
@ARTICLE{Paun2000108,
  title = "Computing with Membranes",
  journal = "Journal of Computer and System Sciences",
  volume = "61",
  number = "1",
  pages = "108 - 143",
  year = "2000",
  note = "",
  issn = "0022-0000",
  doi = "10.1006/jcss.1999.1693",
  url = {http://www.sciencedirect.com/science/article/pii/S0022000099916938},
  author = "Gheorghe Păun",
  keywords = "membrane structure",
  keywords = "P system",
  keywords = "recursively enumerable set",
  keywords = "matrix grammar",
  keywords = "splicing",
  keywords = "natural computing"
}
