@INPROCEEDINGS{Ibarra04dang:the,
    author = {Oscar H. Ibarra and Hsu-chun Yen and Zhe Dang},
    title = {Dang: The Power of Maximal Parallelism in P Systems},
    booktitle = {Proceedings of the Eight Conference on Developments in Language Theory},
    year = {2004},
    pages = {212--224},
    publisher = {Springer}
}
@PHDTHESIS{Sburlan05dragos,
    author = {Dragos Sburlan},
    title = {Promoting and Inhibiting Contexts in Membrane Computing},
    school = {University of Seville},
    year = {2005}
}
@String{j-jucs = "Journal of Universal Computer Science"}

@Article{Ionescu:jucs_10_5:on_p_systems_with,
  author =     "Mihai Ionescu and Dragos Sburlan",
  title =      "On P Systems with Promoters/Inhibitors",
  abstract =   "This article shows how the computational universality can be reached using P systems with object rewriting non-cooperative rules, promoters/inhibitors at the level of rules, and only one catalyst. Both generative and accepting cases are studied. The theoretical issues presented are illustrated by several examples.",
  journal =    j-jucs,
  year =       "2004",
  volume =     "10",
  number =     "5",
  pages =      "581--599",
  date =       "2004-05-28",
  month =      "may",
  note =       "\url{http://www.jucs.org/jucs_10_5/on_p_systems_with}"
}
@inproceedings{Cavaliere:2004:IRP:2144633.2144648,
 author = {Cavaliere, Matteo and Ionescu, Mihai and Ishdorj, Tseren-Onolt},
 title = {Inhibiting/de-inhibiting rules in p systems},
 booktitle = {Proceedings of the 5th international conference on Membrane Computing},
 series = {WMC'04},
 year = {2005},
 isbn = {3-540-25080-8, 978-3-540-25080-7},
 location = {Milan, Italy},
 pages = {224--238},
 numpages = {15},
 url = {http://dx.doi.org/10.1007/978-3-540-31837-8_13},
 doi = {10.1007/978-3-540-31837-8_13},
 acmid = {2144648},
 publisher = {Springer-Verlag},
 address = {Berlin, Heidelberg},
}
@inproceedings{Freund:2004:SPS:2149813.2149831,
 author = {Freund, Rudolf and Leporati, Alberto and Oswald, Marion and Zandron, Claudio},
 title = {Sequential p systems with unit rules and energy assigned to membranes},
 booktitle = {Proceedings of the 4th international conference on Machines, Computations, and Universality},
 series = {MCU'04},
 year = {2005},
 isbn = {3-540-25261-4, 978-3-540-25261-0},
 location = {Saint Petersburg, Russia},
 pages = {200--210},
 numpages = {11},
 url = {http://dx.doi.org/10.1007/978-3-540-31834-7_16},
 doi = {10.1007/978-3-540-31834-7_16},
 acmid = {2149831},
 publisher = {Springer-Verlag},
 address = {Berlin, Heidelberg},
 keywords = {P systems, computational completeness, matrix grammars, membrane computing},
}
@inproceedings{Ibarra:2005:SPS:2111772.2111880,
 author = {Ibarra, Oscar H. and Woodworth, Sara and Yen, Hsu-Chun and Dang, Zhe},
 title = {On sequential and 1-deterministic p systems},
 booktitle = {Proceedings of the 11th annual international conference on Computing and Combinatorics},
 series = {COCOON'05},
 year = {2005},
 isbn = {3-540-28061-8, 978-3-540-28061-3},
 location = {Kunming, China},
 pages = {905--914},
 numpages = {10},
 url = {http://dx.doi.org/10.1007/11533719_91},
 doi = {10.1007/11533719_91},
 acmid = {2111880},
 publisher = {Springer-Verlag},
 address = {Berlin, Heidelberg},
}
@ARTICLE{Khrisna03threeuniversality,
 author = {S Khrisna and A Păun},
 title = {Three Universality Results on P Systems, Workshop on Membrane Computing WMC-Tarragona 2003},
 journal = {A. Alhazov, C. Martín-Vide, G. Păun, eds),TR 28/03, URV Tarragona},
 year = {2003}
}
@inproceedings{Barbuti:2010:MSW:1946067.1946081,
 author = {Barbuti, Roberto and Maggiolo-Schettini, Andrea and Milazzo, Paolo and Tini, Simone},
 title = {Membrane systems working in generating and accepting modes: expressiveness and encodings},
 booktitle = {Proceedings of the 11th international conference on Membrane computing},
 series = {CMC'10},
 year = {2010},
 isbn = {3-642-18122-8, 978-3-642-18122-1},
 location = {Jena, Germany},
 pages = {103--118},
 numpages = {16},
 url = {http://dl.acm.org/citation.cfm?id=1946067.1946081},
 acmid = {1946081},
 publisher = {Springer-Verlag},
 address = {Berlin, Heidelberg},
}
@INPROCEEDINGS{Dang04onp,
    author = {Zhe Dang and Oscar H. Ibarra},
    title = {On P systems operating in sequential mode},
    booktitle = {International Journal of Foundations of Computer Science},
    year = {2004},
    pages = {164--177}
}
@TECHREPORT{Paun9898,
	author={Gheorghe P{\u a}un},
	title={Computing with Membranes},
	institution={Turku Center for Computer Science-TUCS},
	year={1998},
	number={208},
	note={(www.tucs.fi)}
}
@incollection{Paun2006Introduction,
year={2006},
isbn={978-3-540-25017-3},
booktitle={Applications of Membrane Computing},
series={Natural Computing Series},
editor={Ciobanu, Gabriel and Păun, Gheorghe and Pérez-Jiménez, MarioJ.},
doi={10.1007/3-540-29937-8_1},
title={Introduction to Membrane Computing},
url={http://dx.doi.org/10.1007/3-540-29937-8_1},
publisher={Springer Berlin Heidelberg},
author={Păun, Gheorghe},
pages={1-42},
language={English}
}
@article{doi:10.1142/S0129054106003772,
author = {SBURLAN, DRAGOŞ},
title = {FURTHER RESULTS ON P SYSTEMS WITH PROMOTERS/INHIBITORS},
journal = {International Journal of Foundations of Computer Science},
volume = {17},
number = {01},
pages = {205-221},
year = {2006},
doi = {10.1142/S0129054106003772},

URL = {http://www.worldscientific.com/doi/abs/10.1142/S0129054106003772},
eprint = {http://www.worldscientific.com/doi/pdf/10.1142/S0129054106003772}
}
@INPROCEEDINGS{Barbuti07thecalculus,
    author = {Roberto Barbuti and Paolo Milazzo and Angelo Troina},
    title = {The Calculus of Looping Sequences for Modeling Biological Membranes},
    booktitle = {8th Workshop on Membrane Computing (WMC8), LNCS 4860},
    year = {2007},
    pages = {54--76},
    publisher = {Springer}
}
