@inproceedings{Barbuti:2010:MSW:1946067.1946081,
 author = {Barbuti, Roberto and Maggiolo-Schettini, Andrea and Milazzo, Paolo and Tini, Simone},
 title = {Membrane systems working in generating and accepting modes: expressiveness and encodings},
 booktitle = {Proceedings of the 11th international conference on Membrane computing},
 series = {CMC'10},
 year = {2010},
 isbn = {3-642-18122-8, 978-3-642-18122-1},
 location = {Jena, Germany},
 pages = {103--118},
 numpages = {16},
 url = {http://dl.acm.org/citation.cfm?id=1946067.1946081},
 acmid = {1946081},
 publisher = {Springer-Verlag},
 address = {Berlin, Heidelberg},
}
@incollection{Paun2006Introduction,
  year={2006},
  isbn={978-3-540-25017-3},
  booktitle={Applications of Membrane Computing},
  series={Natural Computing Series},
  editor={Ciobanu, Gabriel and Păun, Gheorghe and Pérez-Jiménez, MarioJ.},
  doi={10.1007/3-540-29937-8\_1},
  title={Introduction to Membrane Computing},
  url={http://dx.doi.org/10.1007/3-540-29937-8_1},
  publisher={Springer Berlin Heidelberg},
  author={Păun, Gheorghe},
  pages={1-42},
  language={English}
}

@TECHREPORT{Paun98,
  author={Gheorghe P{\u a}un},
  title={Computing with Membranes},
  institution={Turku Center for Computer Science-TUCS},
  year={1998},
  number={208},
  note={(www.tucs.fi)}
}
@ARTICLE{Paun99ActiveMembranes,
  author = {Gheorghe Păun},
  title = {P Systems with Active Membranes: Attacking {NP} Complete Problems},
  journal = {Journal of Automata, Languages and Combinatorics},
  year = {1999},
  volume = {6},
  pages = {75--90}
}
@PHDTHESIS{Besozzi:PhD:2004,
  author={Daniela Besozzi},
  title={Computational and modelling power of {P systems}},
  school={Universita' degli Studi di Milano},
  year={2004},
  address={Milano, Italy}
}
@INPROCEEDINGS{Barbuti:2010:AcceptingGenerating,
  author = {Barbuti, Roberto and Maggiolo-Schettini, Andrea and Milazzo, Paolo and Tini, Simone},
  title = {Membrane systems working in generating and accepting modes: expressiveness and encodings},
  booktitle = {Proceedings of the 11th international conference on Membrane computing},
  series = {CMC'10},
  year = {2010},
  isbn = {3-642-18122-8, 978-3-642-18122-1},
  location = {Jena, Germany},
  pages = {103--118},
  numpages = {16},
  url = {http://dl.acm.org/citation.cfm?id=1946067.1946081},
  acmid = {1946081},
  publisher = {Springer-Verlag},
  address = {Berlin, Heidelberg},
}
@INPROCEEDINGS{Bordihn99acceptingpure,
  author = {Henning Bordihn and Henning Fernau and Markus Holzer},
  title = {Accepting Pure Grammars and Systems},
  booktitle = {Otto-von-Guericke-Universitat Magdeburg, Fakultat fur Informatik, Preprint Nr},
  year = {1999}
}
@INPROCEEDINGS{Sosik:2002:WithoutPriorities,
  author = {Sos\'ik, Petr and Freund, Rudolf},
  title = {P Systems without Priorities Are Computationally Universal},
  booktitle = {Revised Papers from the  International Workshop on Membrane Computing},
  series = {WMC-CdeA '02},
  year = {2003},
  isbn = {3-540-00611-7},
  pages = {400--409},
  numpages = {10},
  url = {http://dl.acm.org/citation.cfm?id=647270.721876},
  acmid = {721876},
  publisher = {Springer-Verlag},
  address = {London, UK, UK},
}
@ARTICLE{Paun:2001:Energy,
  author = {Păun, Gheorghe and Yasuhiro Suzuki and Hiroshi Tanaka},
  title = {P systems with energy accounting},
  journal = {International Journal of Computer Mathematics},
  volume = {78},
  number = {3},
  pages = {343-364},
  year = {2001},
  doi = {10.1080/00207160108805116},
  URL = {http://www.tandfonline.com/doi/abs/10.1080/00207160108805116},
  eprint = {http://www.tandfonline.com/doi/pdf/10.1080/00207160108805116}
}
@INPROCEEDINGS{Freund:2004:SequentialEnergy,
  author = {Freund, Rudolf and Leporati, Alberto and Oswald, Marion and Zandron, Claudio},
  title = {Sequential P systems with unit rules and energy assigned to membranes},
  booktitle = {Proceedings of the 4th international conference on Machines, Computations, and Universality},
  series = {MCU'04},
  year = {2005},
  isbn = {3-540-25261-4, 978-3-540-25261-0},
  location = {Saint Petersburg, Russia},
  pages = {200--210},
  numpages = {11},
  url = {http://dx.doi.org/10.1007/978-3-540-31834-7_16},
  doi = {10.1007/978-3-540-31834-7\_16},
  acmid = {2149831},
  publisher = {Springer-Verlag},
  address = {Berlin, Heidelberg},
  keywords = {P systems, computational completeness, matrix grammars, membrane computing},
}
@PHDTHESIS{Sburlan05dragos,
  author = {Dragos Sburlan},
  title = {Promoting and Inhibiting Contexts in Membrane Computing},
  school = {University of Seville},
}
@ARTICLE{Ionescu:jucs_10_5:on_p_systems_with,
  author = {Mihai Ionescu and Dragos Sburlan},
  title = {On P Systems with Promoters/Inhibitors},
  abstract = {This article shows how the computational universality can be reached using P systems with object rewriting non-cooperative rules, promoters/inhibitors at the level of rules, and only one catalyst. Both generative and accepting cases are studied. The theoretical issues presented are illustrated by several examples.},
  journal = {Journal of Universal Computer Science},
  year = {2004},
  volume = {10},
  number = {5},
  pages = {581--599},
  date = {2004-05-28},
  month = {may},
  url = {http://www.jucs.org/jucs_10_5/on_p_systems_with}
}
@ARTICLE{Freund2005TwoCatalysts,
  title = "Computationally universal P systems without priorities: two catalysts are sufficient",
  journal = "Theoretical Computer Science",
  volume = "330",
  number = "2",
  pages = "251 - 266",
  year = "2005",
  note = "Descriptional Complexity of Formal Systems",
  issn = "0304-3975",
  doi = "10.1016/j.tcs.2004.06.029",
  url = "http://www.sciencedirect.com/science/article/pii/S0304397504006553",
  author = "Rudolf Freund and Lila Kari and Marion Oswald and Petr Sos\'ik",
  keywords = "Membrane computing",
  keywords = "P systems",
  keywords = "Catalysts",
  keywords = "Complexity",
  keywords = "Universality"
}
@ARTICLE{Sburlan:2006:FurtherResultsPromotersInhibitors,
  author = {Sburlan, Dragoş},
  title = {Further Results on P Systems with Promoters/Inhibitors},
  journal = {International Journal of Foundations of Computer Science},
  volume = {17},
  number = {01},
  pages = {205-221},
  year = {2006},
  doi = {10.1142/S0129054106003772},
  URL = {http://www.worldscientific.com/doi/abs/10.1142/S0129054106003772},
  eprint = {http://www.worldscientific.com/doi/pdf/10.1142/S0129054106003772}
}
@INPROCEEDINGS{Ibarra04dang,
  author = {Oscar H. Ibarra and Hsu-chun Yen and Zhe Dang},
  title = {Dang: The Power of Maximal Parallelism in P Systems},
  booktitle = {Proceedings of the Eight Conference on Developments in Language Theory},
  year = {2004},
  pages = {212--224},
  publisher = {Springer}
}
@ARTICLE{Lindenmayer68,
  author = {Aristid Lindenmayer},
  title = {Mathematical Models for Cellular Interactions in Development, II. Simple and Branching Filaments with Two-sided Inputs},
  journal = {J. Theoretical Biology},
  year = {1968},
  pages = {280--315}
}
@INPROCEEDINGS{Barbuti07CLS,
  author = {Roberto Barbuti and Paolo Milazzo and Angelo Troina},
  title = {The Calculus of Looping Sequences for Modeling Biological Membranes},
  booktitle = {8th Workshop on Membrane Computing (WMC8), LNCS 4860},
  year = {2007},
  pages = {54--76},
  publisher = {Springer}
}
@PHDTHESIS{Milazzo07CLS,
  author = {Paolo Milazzo},
  title = {Qualitative and Quantitative Formal Modeling of Biological Systems},
  school = {Universita di Pisa},
}
@ARTICLE{Ciobanu:2007:MinimalParallelism,
  author = {Ciobanu, Gabriel and Pan, Linqiang and Pun, Gheorghe and P{\'e}rez-Jim{\'e}nez, Mario J.},
  title = {P systems with minimal parallelism},
  journal = {Theor. Comput. Sci.},
  issue_date = {June, 2007},
  volume = {378},
  number = {1},
  month = jun,
  year = {2007},
  issn = {0304-3975},
  pages = {117--130},
  numpages = {14},
  url = {http://dx.doi.org/10.1016/j.tcs.2007.03.044},
  doi = {10.1016/j.tcs.2007.03.044},
  acmid = {1243811},
  publisher = {Elsevier Science Publishers Ltd.},
  address = {Essex, UK},
  keywords = {Membrane computing, P System, SAT Problem, Universality},
}
@INPROCEEDINGS{Dang04Sequential,
  author = {Zhe Dang and Oscar H. Ibarra},
  title = {On P systems operating in sequential mode},
  booktitle = {International Journal of Foundations of Computer Science},
  year = {2004},
  pages = {164--177}
}
@ARTICLE{Paun:2002:SymportAntiport,
  author = {Paun, Andrei and Paun, Gheorghe},
  title = {The power of communication: P systems with symport/antiport},
  journal = {New Gen. Comput.},
  issue_date = {July 2002},
  volume = {20},
  number = {3},
  month = jul,
  year = {2002},
  issn = {0288-3635},
  pages = {295--305},
  numpages = {11},
  url = {http://dx.doi.org/10.1007/BF03037362},
  doi = {10.1007/BF03037362},
  acmid = {639009},
  publisher = {Ohmsha},
  address = {Tokyo, Japan, Japan},
  keywords = {antiport, computational universality, membrane computing, molecular computing, symport},
}
@INPROCEEDINGS{Dang:2005:Sequential,
  author = {Ibarra, Oscar H. and Woodworth, Sara and Yen, Hsu-Chun and Dang, Zhe},
  title = {On sequential and 1-deterministic P systems},
  booktitle = {Proceedings of the 11th annual international conference on Computing and Combinatorics},
  series = {COCOON'05},
  year = {2005},
  isbn = {3-540-28061-8, 978-3-540-28061-3},
  location = {Kunming, China},
  pages = {905--914},
  numpages = {10},
  url = {http://dx.doi.org/10.1007/11533719_91},
  doi = {10.1007/11533719\_91},
  acmid = {2111880},
  publisher = {Springer-Verlag},
  address = {Berlin, Heidelberg},
}
@INPROCEEDINGS{Freund:2004:Async,
  author = {Freund, Rudolf},
  title = {Asynchronous P systems and P systems working in the sequential mode},
  booktitle = {Proceedings of the 5th international conference on Membrane Computing},
  series = {WMC'04},
  year = {2005},
  isbn = {3-540-25080-8, 978-3-540-25080-7},
  location = {Milan, Italy},
  pages = {36--62},
  numpages = {27},
  url = {http://dx.doi.org/10.1007/978-3-540-31837-8_3},
  doi = {10.1007/978-3-540-31837-8\_3},
  acmid = {2144637},
  publisher = {Springer-Verlag},
  address = {Berlin, Heidelberg},
}
@INPROCEEDINGS{Agrigoroaiei:2010:Dissolution,
  author = {Agrigoroaiei, Oana and Ciobanu, Gabriel},
  title = {Flattening the transition P systems with dissolution},
  booktitle = {Proceedings of the 11th international conference on Membrane computing},
  series = {CMC'10},
  year = {2010},
  isbn = {3-642-18122-8, 978-3-642-18122-1},
  location = {Jena, Germany},
  pages = {53--64},
  numpages = {12},
  url = {http://dl.acm.org/citation.cfm?id=1946067.1946077},
  acmid = {1946077},
  publisher = {Springer-Verlag},
  address = {Berlin, Heidelberg},
}
@INCOLLECTION{Cardona:2009:Vultures,
  author = {Cardona, M\'{o}nica and Colomer, M. Angels and P{\'e}rez-Jim{\'e}nez, Mario J. and Sanuy, Delf\'{\i} and Margalida, Antoni},
  chapter = {Modeling Ecosystems Using P Systems: The Bearded Vulture, a Case Study},
  title = {Membrane Computing},
  editor = {Corne, David Wolfe and Frisco, Pierluigi and P\u{a}un, Gheorghe and Rozenberg, Grzegorz and Salomaa, Arto},
  year = {2009},
  isbn = {978-3-540-95884-0},
  pages = {137--156},
  numpages = {20},
  url = {http://dx.doi.org/10.1007/978-3-540-95885-7_11},
  doi = {10.1007/978-3-540-95885-7\_11},
  acmid = {1506641},
  publisher = {Springer-Verlag},
  address = {Berlin, Heidelberg},
}
@ARTICLE{Perez06EGFR,
  title = {P systems-based modelling of cellular signalling pathways},
  journal = {Workshop on Membrane Computing, WMC7},
  year = {2006},
  month = {July 17-21, 2006},
  pages = {54-73},
  address = {Leiden, Holanda},
  author = {Mario J. P{\'e}rez-Jim{\'e}nez},
  editor = {Hendrik J. Hoogeboon and Gheorghe Paun and Grzegorz Rozenberg}
}
@article {Cecilia10SAT,
  title = {Simulating a P system based efficient solution to SAT by using GPUs },
  journal = {Journal of Logic and Algebraic Programming},
  volume = {79},
  year = {2010},
  note = {Membrane computing and programming },
  month = {08/2010},
  pages = {317-325},
  publisher = {Elsevier},
  address = {North Holland},
  issn = {1567-8326},
  doi = {dx.doi.org/10.1016/j.jlap.2010.03.008},
  url = {http://dx.doi.org/10.1016/j.jlap.2010.03.008},
  author = {Jos\'e M. Cecilia and Jos\'e M. Garc\'ia and Gin\'es D. Guerrero and Miguel A. Mart\'inez-del-Amor and Ignacio P\'erez-Hurtado and Mario J. P\'erez-Jim\'enez}
}
@INPROCEEDINGS{Gershoni:2008:InVitro,
  author = {Renana Gershoni and Ehud Keinan and Gheorghe P\u{a}un and Ron Piran and Tamar Ratner and Sivan Shoshani},
  title = {Research topics arising from the (planned) {P}~systems implementation experiment in {T}echnion},
  booktitle = {Sixth Brainstorming Week on Membrane Computing},
  pages = {183-192},
  year = {2008},
  editor = {Daniel D\'iaz-Pernil and Carmen Graciani and Miguel Angel Guti\'errez-Naranjo and Gheorghe P\u{a}un and Ignacio P\'erez-Hurtado and Agust\'in Riscos-N\'u\~nez},
  venue = {Sevilla, Spain},
  bibdate = {04/06/09},
}
@ARTICLE{Azevedo09NumberOfNeurons,
  title = {Equal numbers of neuronal and nonneuronal cells make the human brain an isometrically scaled-up primate brain},
  journal = {Journal of Comparative Neurology},
  year = {2009},
  month = {2},
  volume = {513},
  number = {5},
  pages = {532-541},
  institute = {Biologische Kybernetik},
  organization = {Max-Planck-Gesellschaft},
  language = {en},
  DOI = {10.1002/cne.21974},
  author = {Azevedo, FAC and Carvalho, LRB and Grinberg, LT and Farfel, JM and Ferreti, REL and Leite, REP and Filho, WJ and Lent, R and Herculano-Houzel, S}
}
@INPROCEEDINGS{Montana:1989:TrainNeuronByGenetic,
  author = {Montana, David J. and Davis, Lawrence},
  title = {Training feedforward neural networks using genetic algorithms},
  booktitle = {Proceedings of the 11th international joint conference on Artificial intelligence - Volume 1},
  series = {IJCAI'89},
  year = {1989},
  location = {Detroit, Michigan},
  pages = {762--767},
  numpages = {6},
  url = {http://dl.acm.org/citation.cfm?id=1623755.1623876},
  acmid = {1623876},
  publisher = {Morgan Kaufmann Publishers Inc.},
  address = {San Francisco, CA, USA},
}
@ARTICLE{Zhang20101997AnalyzingRadarSignalsWithMembrane,
  title = "Analyzing radar emitter signals with membrane algorithms",
  journal = "Mathematical and Computer Modelling",
  volume = "52",
  number = "11–12",
  pages = "1997 - 2010",
  year = "2010",
  note = "The BIC-TA 2009 Special Issue, International Conference on Bio-Inspired Computing: Theory and Applications",
  issn = "0895-7177",
  doi = "10.1016/j.mcm.2010.06.002",
  url = "http://www.sciencedirect.com/science/article/pii/S0895717710002736",
  author = "Ge-Xiang Zhang and Chun-Xiu Liu and Hai-Na Rong",
  keywords = "Membrane computing",
  keywords = "Membrane algorithm",
  keywords = "Radar emitter signal",
  keywords = "Time–frequency atom decomposition"
}
@ARTICLE{Buiu201233PSystemFibonacci,
  title = "Development of membrane controllers for mobile robots",
  journal = "Information Sciences",
  volume = "187",
  number = "0",
  pages = "33 - 51",
  year = "2012",
  note = "",
  issn = "0020-0255",
  doi = "10.1016/j.ins.2011.10.007",
  url = "http://www.sciencedirect.com/science/article/pii/S0020025511005421",
  author = "Catalin Buiu and Cristian Vasile and Octavian Arsene",
  keywords = "Bio-inspired computing",
  keywords = "Membrane systems",
  keywords = "Numerical P system",
  keywords = "Membrane controller",
  keywords = "Mobile robot",
  keywords = "Simulation"
}
@ARTICLE{Adleman1994MolecularComputation,
  author = {Adleman, LM}, 
  title = {Molecular computation of solutions to combinatorial problems},
  volume = {266}, 
  number = {5187}, 
  pages = {1021-1024}, 
  year = {1994}, 
  doi = {10.1126/science.7973651}, 
  abstract ={The tools of molecular biology were used to solve an instance of the directed Hamiltonian path problem. A small graph was encoded in molecules of DNA, and the "operations" of the computation were performed with standard protocols and enzymes. This experiment demonstrates the feasibility of carrying out computations at the molecular level.}, 
  URL = {http://www.sciencemag.org/content/266/5187/1021.abstract}, 
  eprint = {http://www.sciencemag.org/content/266/5187/1021.full.pdf}, 
  journal = {Science} 
}
@ARTICLE{Church2012DNAStorage,
  author = {Church, George M. and Gao, Yuan and Kosuri, Sriram}, 
  title = {Next-Generation Digital Information Storage in DNA},
  volume = {337}, 
  number = {6102}, 
  pages = {1628}, 
  year = {2012}, 
  doi = {10.1126/science.1226355}, 
  abstract ={Digital information is accumulating at an astounding rate, straining our ability to store and archive it. DNA is among the most dense and stable information media known. The development of new technologies in both DNA synthesis and sequencing make DNA an increasingly feasible digital storage medium. We developed a strategy to encode arbitrary digital information in DNA, wrote a 5.27-megabit book using DNA microchips, and read the book by using next-generation DNA sequencing.}, 
  URL = {http://www.sciencemag.org/content/337/6102/1628.abstract}, 
  eprint = {http://www.sciencemag.org/content/337/6102/1628.full.pdf}, 
  journal = {Science} 
}
@ARTICLE{Kari2000DNAPCP,
  title = "Using DNA to solve the Bounded Post Correspondence Problem",
  journal = "Theoretical Computer Science",
  volume = "231",
  number = "2",
  pages = "193 - 203",
  year = "2000",
  note = "",
  issn = "0304-3975",
  doi = "10.1016/S0304-3975(99)00100-0",
  url = "http://www.sciencedirect.com/science/article/pii/S0304397599001000",
  author = "Lila Kari and Greg Gloor and Sheng Yu",
  keywords = "DNA computing: biomolecular computing",
  keywords = "NP-complete problem",
  keywords = "Post correspondence problem"
}
@INCOLLECTION{Ibarra:03:Catalytic,
  year={2003},
  isbn={978-3-540-40671-6},
  booktitle={Mathematical Foundations of Computer Science 2003},
  volume={2747},
  series={Lecture Notes in Computer Science},
  editor={Rovan, Branislav and Vojtáš, Peter},
  doi={10.1007/978-3-540-45138-9\_42},
  title={Characterizations of Catalytic Membrane Computing Systems},
  url={http://dx.doi.org/10.1007/978-3-540-45138-9_42},
  publisher={Springer Berlin Heidelberg},
  keywords={membrane computing; catalytic system; semilinear set; vector addition system; reachability problem},
  author={Ibarra, OscarH. and Dang, Zhe and Egecioglu, Omer and Saxena, Gaurav},
  pages={480-489}
}
