@TECHREPORT{Paun98,
  author={Gheorghe P{\u a}un},
  title={Computing with Membranes},
  institution={Turku Center for Computer Science-TUCS},
  year={1998},
  number={208},
  note={(www.tucs.fi)}
}
@article{Mate02,
 author = {Mat{\'e}, Jos{\'e} L. and Rodr\'{\i}guez-Pat\'{o}n, A. and Silva, Andr{\'e}s},
 title = {On the power of P Systems with DNA-worm-objects},
 journal = {Fundam. Inf.},
 volume = {49},
 number = {1},
 year = {2002},
 issn = {0169-2968},
 pages = {229--239},
 numpages = {11},
 url = {http://dl.acm.org/citation.cfm?id=634866.634882},
 acmid = {634882},
 publisher = {IOS Press},
 address = {Amsterdam, The Netherlands, The Netherlands},
 keywords = {P systems, membrane computing, recursively enumerable languages},
}
@INPROCEEDINGS{Dang:2005:Sequential,
  author = {Ibarra, Oscar H. and Woodworth, Sara and Yen, Hsu-Chun and Dang, Zhe},
  title = {On sequential and 1-deterministic P systems},
  booktitle = {Proceedings of the 11th annual international conference on Computing and Combinatorics},
  series = {COCOON'05},
  year = {2005},
  isbn = {3-540-28061-8, 978-3-540-28061-3},
  location = {Kunming, China},
  pages = {905--914},
  numpages = {10},
  url = {http://dx.doi.org/10.1007/11533719_91},
  doi = {10.1007/11533719\_91},
  acmid = {2111880},
  publisher = {Springer-Verlag},
  address = {Berlin, Heidelberg},
}
@PHDTHESIS{Besozzi:PhD:2004,
  author={Daniela Besozzi},
  title={Computational and modelling power of {P systems}},
  school={Universita' degli Studi di Milano},
  year={2004},
  address={Milano, Italy}
}
@INPROCEEDINGS{Barbuti07CLS,
  author = {Roberto Barbuti and Paolo Milazzo and Angelo Troina},
  title = {The Calculus of Looping Sequences for Modeling Biological Membranes},
  booktitle = {8th Workshop on Membrane Computing (WMC8), LNCS 4860},
  year = {2007},
  pages = {54--76},
  publisher = {Springer}
}