@INCOLLECTION{Ibarra05Active,
  year = {2005},
  isbn = {978-3-540-28061-3},
  booktitle = {Computing and Combinatorics},
  volume = {3595},
  series = {Lecture Notes in Computer Science},
  editor = {Wang, Lusheng},
  doi = {10.1007/11533719_91},
  title = {On Sequential and 1-Deterministic P Systems},
  url = {http://dx.doi.org/10.1007/11533719_91},
  publisher = {Springer Berlin Heidelberg},
  author = {Ibarra},
  pages = {905-914},
  language = {English}
}
