@TECHREPORT{Paun98,
  author={Gheorghe P{\u a}un},
  title={Computing with Membranes},
  institution={Turku Center for Computer Science-TUCS},
  year={1998},
  number={208},
  note={(www.tucs.fi)}
}
@article{Mate02,
  author = {Mat{\'e}, Jos{\'e} L. and Rodr\'{\i}guez-Pat\'{o}n, A. and Silva, Andr{\'e}s},
  title = {On the power of P Systems with DNA-worm-objects},
  journal = {Fundam. Inf.},
  volume = {49},
  number = {1},
  year = {2002},
  issn = {0169-2968},
  pages = {229--239},
  numpages = {11},
  url = {http://dl.acm.org/citation.cfm?id=634866.634882},
  acmid = {634882},
  publisher = {IOS Press},
  address = {Amsterdam, The Netherlands, The Netherlands},
  keywords = {P systems, membrane computing, recursively enumerable languages},
}
@INPROCEEDINGS{Dang:2005:Sequential,
  author = {Ibarra, Oscar H. and Woodworth, Sara and Yen, Hsu-Chun and Dang, Zhe},
  title = {On sequential and 1-deterministic P systems},
  booktitle = {Proceedings of the 11th annual international conference on Computing and Combinatorics},
  series = {COCOON'05},
  year = {2005},
  isbn = {3-540-28061-8, 978-3-540-28061-3},
  location = {Kunming, China},
  pages = {905--914},
  numpages = {10},
  url = {http://dx.doi.org/10.1007/11533719_91},
  doi = {10.1007/11533719\_91},
  acmid = {2111880},
  publisher = {Springer-Verlag},
  address = {Berlin, Heidelberg},
}
@PHDTHESIS{Besozzi:PhD:2004,
  author={Daniela Besozzi},
  title={Computational and modelling power of {P systems}},
  school={Universita' degli Studi di Milano},
  year={2004},
  address={Milano, Italy}
}
@INPROCEEDINGS{Barbuti07CLS,
  author = {Roberto Barbuti and Paolo Milazzo and Angelo Troina},
  title = {The Calculus of Looping Sequences for Modeling Biological Membranes},
  booktitle = {8th Workshop on Membrane Computing (WMC8), LNCS 4860},
  year = {2007},
  pages = {54--76},
  publisher = {Springer}
}
@ARTICLE{Ciobanu:2007:MinimalParallelism,
  author = {Ciobanu, Gabriel and Pan, Linqiang and Pun, Gheorghe and P{\'e}rez-Jim{\'e}nez, Mario J.},
  title = {P systems with minimal parallelism},
  journal = {Theor. Comput. Sci.},
  issue_date = {June, 2007},
  volume = {378},
  number = {1},
  month = jun,
  year = {2007},
  issn = {0304-3975},
  pages = {117--130},
  numpages = {14},
  url = {http://dx.doi.org/10.1016/j.tcs.2007.03.044},
  doi = {10.1016/j.tcs.2007.03.044},
  acmid = {1243811},
  publisher = {Elsevier Science Publishers Ltd.},
  address = {Essex, UK},
  keywords = {Membrane computing, P System, SAT Problem, Universality},
}
@INPROCEEDINGS{Sosik:2002:WithoutPriorities,
  author = {Sos\'ik, Petr and Freund, Rudolf},
  title = {P Systems without Priorities Are Computationally Universal},
  booktitle = {Revised Papers from the  International Workshop on Membrane Computing},
  series = {WMC-CdeA '02},
  year = {2003},
  isbn = {3-540-00611-7},
  pages = {400--409},
  numpages = {10},
  url = {http://dl.acm.org/citation.cfm?id=647270.721876},
  acmid = {721876},
  publisher = {Springer-Verlag},
  address = {London, UK, UK},
}
@PHDTHESIS{Sburlan05dragos,
  author = {Dragos Sburlan},
  title = {Promoting and Inhibiting Contexts in Membrane Computing},
  school = {University of Seville},
  year = {2005},
}
@ARTICLE{Ionescu:jucs_10_5:on_p_systems_with,
  author = {Mihai Ionescu and Dragos Sburlan},
  title = {On P Systems with Promoters/Inhibitors},
  abstract = {This article shows how the computational universality can be reached using P systems with object rewriting non-cooperative rules, promoters/inhibitors at the level of rules, and only one catalyst. Both generative and accepting cases are studied. The theoretical issues presented are illustrated by several examples.},
  journal = {Journal of Universal Computer Science},
  year = {2004},
  volume = {10},
  number = {5},
  pages = {581--599},
  date = {2004-05-28},
  month = {may},
  url = {http://www.jucs.org/jucs_10_5/on_p_systems_with}
}
@ARTICLE{Freund2005TwoCatalysts,
  title = "Computationally universal P systems without priorities: two catalysts are sufficient",
  journal = "Theoretical Computer Science",
  volume = "330",
  number = "2",
  pages = "251 - 266",
  year = "2005",
  note = "Descriptional Complexity of Formal Systems",
  issn = "0304-3975",
  doi = "10.1016/j.tcs.2004.06.029",
  url = "http://www.sciencedirect.com/science/article/pii/S0304397504006553",
  author = "Rudolf Freund and Lila Kari and Marion Oswald and Petr Sos\'ik",
  keywords = "Membrane computing",
  keywords = "P systems",
  keywords = "Catalysts",
  keywords = "Complexity",
  keywords = "Universality"
}
@inproceedings{Freund:2004:APS:2144633.2144637,
  author = {Freund, Rudolf},
  title = {Asynchronous p systems and p systems working in the sequential mode},
  booktitle = {Proceedings of the 5th international conference on Membrane Computing},
  series = {WMC'04},
  year = {2005},
  isbn = {3-540-25080-8, 978-3-540-25080-7},
  location = {Milan, Italy},
  pages = {36--62},
  numpages = {27},
  url = {http://dx.doi.org/10.1007/978-3-540-31837-8_3},
  doi = {10.1007/978-3-540-31837-8_3},
  acmid = {2144637},
  publisher = {Springer-Verlag},
  address = {Berlin, Heidelberg},
}
@inproceedings{Kovac13,
  author = {Kováč},
  title = {Inhibiting the parallelism in P systems},
  booktitle = {2nd International Workshop on Hybrid Systems and Biology},
  year = {2013},
  pubstate = {\bibstring{submitted}},
}