@ARTICLE{Alhazov05WithoutMultiplicities,
 author = {Alhazov, Artiom},
 title = {P Systems Without Multiplicities of Symbol-objects},
 journal = {Information Processing Letters},
 volume = {100},
 number = {3},
 month = {nov},
 year = {2006},
 issn = {0020-0190},
 pages = {124--129},
 numpages = {6},
 url = {http://dx.doi.org/10.1016/j.ipl.2005.01.017},
 doi = {10.1016/j.ipl.2005.01.017},
 acmid = {1226017},
 publisher = {Elsevier North-Holland, Inc.},
 address = {Amsterdam, The Netherlands, The Netherlands},
 keywords = {distributed computing, formal languages, membrane systems, parallel processing, theory of computation, turing computability},
}
@ARTICLE{Kleijn11SetMembrane,
  author = {Kleijn, Jetty and Koutny, Maciej},
  title = {Membrane Systems with Qualitative Evolution Rules},
  journal = {Fundam. Inf.},
  volume = {110},
  number = {1-4},
  month = {jan},
  year = {2011},
  issn = {0169-2968},
  pages = {217--230},
  numpages = {14},
  url = {http://dl.acm.org/citation.cfm?id=2362097.2362112},
  acmid = {2362112},
  publisher = {IOS Press},
  address = {Amsterdam, The Netherlands, The Netherlands},
  keywords = {Petri net, biochemistry, inhibitor, locality, membrane system, natural computing, promoter, reaction system, set-net},
}