@ARTICLE{Paun2000108,
    title = {Computing with membranes},
    journal = {Journal of Computer and System Sciences},
    volume = {61},
    number = {1},
    pages = {108 - 143},
    year = {2000},
    note = {},
    issn = {0022-0000},
    doi = {10.1006/jcss.1999.1693},
    url = {http://www.sciencedirect.com/science/article/pii/S0022000099916938},
    author = {Gheorghe Păun},
    keywords = {membrane structure},
    keywords = {P system},
    keywords = {recursively enumerable set},
    keywords = {matrix grammar},
    keywords = {splicing},
    keywords = {natural computing}
}
@INCOLLECTION{Paun2006Introduction,
    year = {2006},
    isbn = {978-3-540-25017-3},
    booktitle = {Applications of Membrane Computing},
    series = {Natural Computing Series},
    editor = {Ciobanu, Gabriel and Păun, Gheorghe and Pérez-Jiménez, MarioJ.},
    doi = {10.1007/3-540-29937-8\_1},
    title = {Introduction to membrane computing},
    url = {http://dx.doi.org/10.1007/3-540-29937-8_1},
    publisher = {Springer Berlin Heidelberg},
    author = {Păun, Gheorghe},
    pages = {1-42},
    language = {English}
}