@TECHREPORT{Paun98,
  author={Gheorghe P{\u a}un},
  title={Computing with Membranes},
  institution={Turku Center for Computer Science-TUCS},
  year={1998},
  number={208},
  note={(www.tucs.fi)}
}