@TECHREPORT{Paun98,
  author={Gheorghe P{\u a}un},
  title={Computing with Membranes},
  institution={Turku Center for Computer Science-TUCS},
  year={1998},
  number={208},
  note={(www.tucs.fi)}
}
@ARTICLE{Ionescu_sburlan:on,
  author = {Mihai Ionescu},
  title = {Sburlan: On P Systems with Promoters/Inhibitors},
  journal = {Journal of Universal Computer Science},
  year = {2004},
  pages = {581--599}
}
@article {Cecilia10,
  title = {Simulating a P system based efficient solution to SAT by using GPUs },
  journal = {Journal of Logic and Algebraic Programming},
  volume = {79},
  year = {2010},
  note = {Membrane computing and programming },
  month = {08/2010},
  pages = {317-325},
  publisher = {Elsevier},
  address = {North Holland},
  issn = {1567-8326},
  doi = {dx.doi.org/10.1016/j.jlap.2010.03.008},
  url = {http://dx.doi.org/10.1016/j.jlap.2010.03.008},
  author = {Jos\'e M. Cecilia and Jos\'e M. Garc\'ia and Gin\'es D. Guerrero and Miguel A. Mart\'inez-del-Amor and Ignacio P\'erez-Hurtado and Mario J. P\'erez-Jim\'enez}
}
