@inproceedings{Kovac14Inhibitors,
  author = {Michal Kováč},
  title = {Using inhibitors to achieve universality of sequential P systems},
  booktitle = {Informal Proceedings of Computability in Europe},
  series = {CiE 2014},
  year = {2014},
  location = {Budapest, Hungary},
}
@inproceedings{Kovac15Termination,
  author = {Michal Kováč},
  title = {Decidability of termination problems for sequential P systems with active membranes},
  booktitle = {Proceedings of Computability in Europe},
  series = {CiE 2015},
  year = {2015},
  location = {Bucharest, Romania},
}